<marc:record xmlns:marc="http://www.loc.gov/MARC21/slim" xmlns:xsi="http://www.w3.org/2001/XMLSchema-instance" xsi:schemaLocation="http://www.loc.gov/MARC21/slim http://www.loc.gov/standards/marcxml/schema/MARC21slim.xsd">
  <marc:leader>     nam a2200277 a 45M</marc:leader>
  <marc:controlfield tag="001">001496929</marc:controlfield>
  <marc:controlfield tag="003">NNU</marc:controlfield>
  <marc:controlfield tag="005">20061010173131.0</marc:controlfield>
  <marc:controlfield tag="008">990210s1958    sy h     b    000 0 ara d</marc:controlfield>
  <marc:datafield tag="035" ind1="9" ind2=" ">
    <marc:subfield code="a">NYUb11957555</marc:subfield>
  </marc:datafield>
  <marc:datafield tag="035" ind1=" " ind2=" ">
    <marc:subfield code="a">(CStRLIN)NYUG99-B424</marc:subfield>
  </marc:datafield>
  <marc:datafield tag="040" ind1=" " ind2=" ">
    <marc:subfield code="d">NNU</marc:subfield>
  </marc:datafield>
  <marc:datafield tag="066" ind1=" " ind2=" ">
    <marc:subfield code="c">(3</marc:subfield>
  </marc:datafield>
  <marc:datafield tag="090" ind1=" " ind2=" ">
    <marc:subfield code="a">PJ6151</marc:subfield>
    <marc:subfield code="b">.R8</marc:subfield>
  </marc:datafield>
  <marc:datafield tag="100" ind1="1" ind2=" ">
    <marc:subfield code="a">Rummānī, ʻAlī ibn ʻĪsá,</marc:subfield>
    <marc:subfield code="d">d. 994</marc:subfield>
    <marc:subfield code="6">01</marc:subfield>
  </marc:datafield>
  <marc:datafield tag="100" ind1="1" ind2=" ">
    <marc:subfield code="6">01</marc:subfield>
    <marc:subfield code="a">رماني، علي بن عيسى.</marc:subfield>
  </marc:datafield>
  <marc:datafield tag="245" ind1="1" ind2="0">
    <marc:subfield code="6">02</marc:subfield>
    <marc:subfield code="a">Tawjīh iʻrāb abyāt mulghazat al-iʻrāb /</marc:subfield>
    <marc:subfield code="c">lil-Rummānī Abī al-Ḥasan ʻAlī ibn ʻĪsá ; ḥaqqaqahu wa-qaddama lahu Saʻīd al-Afghānī.</marc:subfield>
  </marc:datafield>
  <marc:datafield tag="245" ind1="1" ind2="0">
    <marc:subfield code="6">02</marc:subfield>
    <marc:subfield code="a">توجية اعراب أبيات ملغزة الاراب /</marc:subfield>
    <marc:subfield code="c">للرماني أبي الحسن علي بن عيسى ؛ حققه وقدم له سعيد الأفغاني.</marc:subfield>
  </marc:datafield>
  <marc:datafield tag="260" ind1=" " ind2=" ">
    <marc:subfield code="6">03</marc:subfield>
    <marc:subfield code="a">Dimashq :</marc:subfield>
    <marc:subfield code="b">Maṭbaʻat al-Jāmiʻah al-Sūrīyah,</marc:subfield>
    <marc:subfield code="c">1958.</marc:subfield>
  </marc:datafield>
  <marc:datafield tag="260" ind1=" " ind2=" ">
    <marc:subfield code="6">03</marc:subfield>
    <marc:subfield code="a">دمشق :</marc:subfield>
    <marc:subfield code="b">مربعة الجامعة السورية،</marc:subfield>
    <marc:subfield code="c">١٩٥٨.</marc:subfield>
  </marc:datafield>
  <marc:datafield tag="300" ind1=" " ind2=" ">
    <marc:subfield code="a">35, 323 p. ;</marc:subfield>
    <marc:subfield code="b">facsims. ;</marc:subfield>
    <marc:subfield code="c">25 cm.</marc:subfield>
  </marc:datafield>
  <marc:datafield tag="504" ind1=" " ind2=" ">
    <marc:subfield code="a">Bibliography: p. [304]-312.</marc:subfield>
  </marc:datafield>
  <marc:datafield tag="650" ind1=" " ind2="0">
    <marc:subfield code="a">Arabic language</marc:subfield>
    <marc:subfield code="x">Syntax</marc:subfield>
    <marc:subfield code="v">Early works to 1800.</marc:subfield>
  </marc:datafield>
  <marc:datafield tag="650" ind1=" " ind2="0">
    <marc:subfield code="a">Arabic philology</marc:subfield>
    <marc:subfield code="v">Early works to 1800.</marc:subfield>
  </marc:datafield>
  <marc:datafield tag="700" ind1="1" ind2=" ">
    <marc:subfield code="a">Afghānī, Saʻīd</marc:subfield>
    <marc:subfield code="6">04</marc:subfield>
  </marc:datafield>
  <marc:datafield tag="700" ind1="1" ind2=" ">
    <marc:subfield code="6">04</marc:subfield>
    <marc:subfield code="a">أفغاني، سعيد.</marc:subfield>
  </marc:datafield>
  <marc:datafield tag="998" ind1=" " ind2=" ">
    <marc:subfield code="a">19990210</marc:subfield>
    <marc:subfield code="d">19990210</marc:subfield>
    <marc:subfield code="d">20021006</marc:subfield>
    <marc:subfield code="n">NNU</marc:subfield>
    <marc:subfield code="s">1</marc:subfield>
    <marc:subfield code="t">c</marc:subfield>
    <marc:subfield code="z">p</marc:subfield>
  </marc:datafield>
</marc:record>
